@article{inventory_management,
author = {Song, Jing-Sheng and Houtum, Geert-Jan and Van Mieghem, Jan},
year = {2019},
month = {02},
pages = {},
title = {Capacity and Inventory Management: Review, Trends, and Projections},
journal = {Manufacturing & Service Operations Management},
doi = {10.1287/msom.2019.0798}
}
@article{rl_supply,
author = {Chaharsooghi, S. and Heydari, Jafar and Zegordi, S.},
year = {2008},
month = {11},
pages = {949-959},
title = {A reinforcement learning model for supply chain ordering management: An application to the beer game},
volume = {45},
journal = {Decision Support Systems},
doi = {10.1016/j.dss.2008.03.007}
}
@book{sutton_reinforcement_2018,
	address = {Cambridge, Massachusetts},
	edition = {Second edition},
	series = {Adaptive computation and machine learning series},
	title = {Reinforcement learning: an introduction},
	isbn = {9780262039246},
	shorttitle = {Reinforcement learning},
	abstract = {"Reinforcement learning, one of the most active research areas in artificial intelligence, is a computational approach to learning whereby an agent tries to maximize the total amount of reward it receives while interacting with a complex, uncertain environment. In Reinforcement Learning, Richard Sutton and Andrew Barto provide a clear and simple account of the field's key ideas and algorithms."--},
	publisher = {The MIT Press},
	author = {Sutton, Richard S. and Barto, Andrew G.},
	year = {2018},
	keywords = {Reinforcement learning}
}
@book{rummery1994line,
  title={On-line Q-learning using connectionist systems},
  author={Rummery, Gavin A and Niranjan, Mahesan},
  volume={37},
  year={1994},
  publisher={University of Cambridge, Department of Engineering Cam-bridge, UK}
}
@article{dayan1992q,
  title={Q-learning},
  author={Dayan, Peter and Watkins, CJCH},
  journal={Machine learning},
  volume={8},
  number={3},
  pages={279--292},
  year={1992}
}
@article{watkins1989learning,
  title={Learning from delayed rewards},
  author={Watkins, Christopher John Cornish Hellaby},
  year={1989},
  publisher={King's College, Cambridge}
}
@article{dsr,
    author = {Hevner, Alan and R, Alan and March, Salvatore and T, Salvatore and Park, and Park, Jinsoo and Ram, and Sudha,},
    year = {2004},
    month = {03},
    pages = {75-},
    title = {Design Science in Information Systems Research},
    volume = {28},
    journal = {Management Information Systems Quarterly}
}
@article{mnih2013playing,
  title={Playing atari with deep reinforcement learning},
  author={Mnih, Volodymyr and Kavukcuoglu, Koray and Silver, David and Graves, Alex and Antonoglou, Ioannis and Wierstra, Daan and Riedmiller, Martin},
  journal={arXiv preprint arXiv:1312.5602},
  year={2013}
}
@manual {gym,
    author = "OpenAI",
    title  = "A Toolkit for Developing and Comparing Reinforcement Learning Algorithms",
    year   = "(Zugriff am 03.07.2020)",
    note    = "http://gym.openai.com/docs/"
}

@manual {td-mc,
    author = "R. Kavalov",
    title  = "Temporal-Difference Learning",
    year   = "(Zugriff am 06 2020)",
    note    = "https://towardsdatascience.com/my-journey-into-reinforcement-learning-part-5-temporal-difference-learning-d0cae79e850"
}